%YAML 1.1
%TAG !u! tag:unity3d.com,2011:
--- !u!29 &1
OcclusionCullingSettings:
  m_ObjectHideFlags: 0
  serializedVersion: 2
  m_OcclusionBakeSettings:
    smallestOccluder: 5
    smallestHole: 0.25
    backfaceThreshold: 100
  m_SceneGUID: 00000000000000000000000000000000
  m_OcclusionCullingData: {fileID: 0}
--- !u!104 &2
RenderSettings:
  m_ObjectHideFlags: 0
  serializedVersion: 7
  m_Fog: 0
  m_FogColor: {r: 0.5, g: 0.5, b: 0.5, a: 1}
  m_FogMode: 3
  m_FogDensity: 0.01
  m_LinearFogStart: 0
  m_LinearFogEnd: 300
  m_AmbientSkyColor: {r: 0, g: 0, b: 0, a: 1}
  m_AmbientEquatorColor: {r: 0.08823532, g: 0.08823532, b: 0.08823532, a: 1}
  m_AmbientGroundColor: {r: 0, g: 0, b: 0, a: 1}
  m_AmbientIntensity: 1
  m_AmbientMode: 0
  m_SkyboxMaterial: {fileID: 10304, guid: 0000000000000000f000000000000000, type: 0}
  m_HaloStrength: 0.5
  m_FlareStrength: 1
  m_FlareFadeSpeed: 3
  m_HaloTexture: {fileID: 0}
  m_SpotCookie: {fileID: 10001, guid: 0000000000000000e000000000000000, type: 0}
  m_DefaultReflectionMode: 0
  m_DefaultReflectionResolution: 128
  m_ReflectionBounces: 1
  m_ReflectionIntensity: 1
  m_CustomReflection: {fileID: 0}
  m_Sun: {fileID: 0}
  m_IndirectSpecularColor: {r: 0.4465785, g: 0.49641222, b: 0.57481694, a: 1}
--- !u!157 &3
LightmapSettings:
  m_ObjectHideFlags: 0
  serializedVersion: 7
  m_GIWorkflowMode: 0
  m_GISettings:
    serializedVersion: 2
    m_BounceScale: 1
    m_IndirectOutputScale: 1
    m_AlbedoBoost: 1
    m_TemporalCoherenceThreshold: 1
    m_EnvironmentLightingMode: 0
    m_EnableBakedLightmaps: 1
    m_EnableRealtimeLightmaps: 1
  m_LightmapEditorSettings:
    serializedVersion: 4
    m_Resolution: 2
    m_BakeResolution: 40
    m_TextureWidth: 1024
    m_TextureHeight: 1024
    m_AO: 0
    m_AOMaxDistance: 1
    m_CompAOExponent: 1
    m_CompAOExponentDirect: 0
    m_Padding: 2
    m_LightmapParameters: {fileID: 0}
    m_LightmapsBakeMode: 1
    m_TextureCompression: 1
    m_DirectLightInLightProbes: 1
    m_FinalGather: 0
    m_FinalGatherFiltering: 1
    m_FinalGatherRayCount: 256
    m_ReflectionCompression: 2
  m_LightingDataAsset: {fileID: 0}
  m_RuntimeCPUUsage: 25
--- !u!196 &4
NavMeshSettings:
  serializedVersion: 2
  m_ObjectHideFlags: 0
  m_BuildSettings:
    serializedVersion: 2
    agentTypeID: 0
    agentRadius: 0.5
    agentHeight: 2
    agentSlope: 45
    agentClimb: 0.4
    ledgeDropHeight: 0
    maxJumpAcrossDistance: 0
    minRegionArea: 2
    manualCellSize: 0
    cellSize: 0.16666667
    accuratePlacement: 0
  m_NavMeshData: {fileID: 0}
--- !u!1001 &18659384
Prefab:
  m_ObjectHideFlags: 0
  serializedVersion: 2
  m_Modification:
    m_TransformParent: {fileID: 0}
    m_Modifications:
    - target: {fileID: 4234290000484118, guid: 4f68ce2ae2530404bbce13556d13b862, type: 2}
      propertyPath: m_LocalPosition.x
      value: -5.82
      objectReference: {fileID: 0}
    - target: {fileID: 4234290000484118, guid: 4f68ce2ae2530404bbce13556d13b862, type: 2}
      propertyPath: m_LocalPosition.y
      value: 3.01
      objectReference: {fileID: 0}
    - target: {fileID: 4234290000484118, guid: 4f68ce2ae2530404bbce13556d13b862, type: 2}
      propertyPath: m_LocalPosition.z
      value: -0.28051355
      objectReference: {fileID: 0}
    - target: {fileID: 4234290000484118, guid: 4f68ce2ae2530404bbce13556d13b862, type: 2}
      propertyPath: m_LocalRotation.x
      value: -0.0000000044237813
      objectReference: {fileID: 0}
    - target: {fileID: 4234290000484118, guid: 4f68ce2ae2530404bbce13556d13b862, type: 2}
      propertyPath: m_LocalRotation.y
      value: 0.2461542
      objectReference: {fileID: 0}
    - target: {fileID: 4234290000484118, guid: 4f68ce2ae2530404bbce13556d13b862, type: 2}
      propertyPath: m_LocalRotation.z
      value: -0.00000027194613
      objectReference: {fileID: 0}
    - target: {fileID: 4234290000484118, guid: 4f68ce2ae2530404bbce13556d13b862, type: 2}
      propertyPath: m_LocalRotation.w
      value: 0.9692307
      objectReference: {fileID: 0}
    - target: {fileID: 4234290000484118, guid: 4f68ce2ae2530404bbce13556d13b862, type: 2}
      propertyPath: m_RootOrder
      value: 8
      objectReference: {fileID: 0}
    - target: {fileID: 1047816948584486, guid: 4f68ce2ae2530404bbce13556d13b862, type: 2}
      propertyPath: m_Name
      value: Splitter (1)
      objectReference: {fileID: 0}
    m_RemovedComponents: []
  m_ParentPrefab: {fileID: 100100000, guid: 4f68ce2ae2530404bbce13556d13b862, type: 2}
  m_IsPrefabParent: 0
--- !u!1 &101413931
GameObject:
  m_ObjectHideFlags: 0
  m_PrefabParentObject: {fileID: 0}
  m_PrefabInternal: {fileID: 0}
  serializedVersion: 5
  m_Component:
  - component: {fileID: 101413936}
  - component: {fileID: 101413935}
  - component: {fileID: 101413934}
  - component: {fileID: 101413933}
  - component: {fileID: 101413932}
  m_Layer: 0
  m_Name: interactablecube
  m_TagString: Interactable
  m_Icon: {fileID: 0}
  m_NavMeshLayer: 0
  m_StaticEditorFlags: 0
  m_IsActive: 1
--- !u!54 &101413932
Rigidbody:
  m_ObjectHideFlags: 0
  m_PrefabParentObject: {fileID: 0}
  m_PrefabInternal: {fileID: 0}
  m_GameObject: {fileID: 101413931}
  serializedVersion: 2
  m_Mass: 1
  m_Drag: 0
  m_AngularDrag: 0.05
  m_UseGravity: 1
  m_IsKinematic: 0
  m_Interpolate: 0
  m_Constraints: 80
  m_CollisionDetection: 0
--- !u!23 &101413933
MeshRenderer:
  m_ObjectHideFlags: 0
  m_PrefabParentObject: {fileID: 0}
  m_PrefabInternal: {fileID: 0}
  m_GameObject: {fileID: 101413931}
  m_Enabled: 1
  m_CastShadows: 1
  m_ReceiveShadows: 1
  m_MotionVectors: 1
  m_LightProbeUsage: 1
  m_ReflectionProbeUsage: 1
  m_Materials:
  - {fileID: 10303, guid: 0000000000000000f000000000000000, type: 0}
  m_StaticBatchInfo:
    firstSubMesh: 0
    subMeshCount: 0
  m_StaticBatchRoot: {fileID: 0}
  m_ProbeAnchor: {fileID: 0}
  m_LightProbeVolumeOverride: {fileID: 0}
  m_ScaleInLightmap: 1
  m_PreserveUVs: 1
  m_IgnoreNormalsForChartDetection: 0
  m_ImportantGI: 0
  m_SelectedEditorRenderState: 3
  m_MinimumChartSize: 4
  m_AutoUVMaxDistance: 0.5
  m_AutoUVMaxAngle: 89
  m_LightmapParameters: {fileID: 0}
  m_SortingLayerID: 0
  m_SortingOrder: 0
--- !u!65 &101413934
BoxCollider:
  m_ObjectHideFlags: 0
  m_PrefabParentObject: {fileID: 0}
  m_PrefabInternal: {fileID: 0}
  m_GameObject: {fileID: 101413931}
  m_Material: {fileID: 0}
  m_IsTrigger: 0
  m_Enabled: 1
  serializedVersion: 2
  m_Size: {x: 1, y: 1, z: 1}
  m_Center: {x: 0, y: 0, z: 0}
--- !u!33 &101413935
MeshFilter:
  m_ObjectHideFlags: 0
  m_PrefabParentObject: {fileID: 0}
  m_PrefabInternal: {fileID: 0}
  m_GameObject: {fileID: 101413931}
  m_Mesh: {fileID: 10202, guid: 0000000000000000e000000000000000, type: 0}
--- !u!4 &101413936
Transform:
  m_ObjectHideFlags: 0
  m_PrefabParentObject: {fileID: 0}
  m_PrefabInternal: {fileID: 0}
  m_GameObject: {fileID: 101413931}
  m_LocalRotation: {x: 0, y: 0, z: 0, w: 1}
  m_LocalPosition: {x: -1.9838128, y: -0, z: -1.0568285}
  m_LocalScale: {x: 1, y: 1, z: 1}
  m_Children: []
  m_Father: {fileID: 0}
  m_RootOrder: 14
  m_LocalEulerAnglesHint: {x: 0, y: 0, z: 0}
--- !u!1 &123606429
GameObject:
  m_ObjectHideFlags: 0
  m_PrefabParentObject: {fileID: 0}
  m_PrefabInternal: {fileID: 0}
  serializedVersion: 5
  m_Component:
  - component: {fileID: 123606432}
  - component: {fileID: 123606431}
  - component: {fileID: 123606430}
  m_Layer: 0
  m_Name: EventSystem
  m_TagString: Untagged
  m_Icon: {fileID: 0}
  m_NavMeshLayer: 0
  m_StaticEditorFlags: 0
  m_IsActive: 1
--- !u!114 &123606430
MonoBehaviour:
  m_ObjectHideFlags: 0
  m_PrefabParentObject: {fileID: 0}
  m_PrefabInternal: {fileID: 0}
  m_GameObject: {fileID: 123606429}
  m_Enabled: 1
  m_EditorHideFlags: 0
  m_Script: {fileID: 1077351063, guid: f70555f144d8491a825f0804e09c671c, type: 3}
  m_Name: 
  m_EditorClassIdentifier: 
  m_HorizontalAxis: Horizontal
  m_VerticalAxis: Vertical
  m_SubmitButton: Submit
  m_CancelButton: Cancel
  m_InputActionsPerSecond: 10
  m_RepeatDelay: 0.5
  m_ForceModuleActive: 0
--- !u!114 &123606431
MonoBehaviour:
  m_ObjectHideFlags: 0
  m_PrefabParentObject: {fileID: 0}
  m_PrefabInternal: {fileID: 0}
  m_GameObject: {fileID: 123606429}
  m_Enabled: 1
  m_EditorHideFlags: 0
  m_Script: {fileID: -619905303, guid: f70555f144d8491a825f0804e09c671c, type: 3}
  m_Name: 
  m_EditorClassIdentifier: 
  m_FirstSelected: {fileID: 0}
  m_sendNavigationEvents: 1
  m_DragThreshold: 5
--- !u!4 &123606432
Transform:
  m_ObjectHideFlags: 0
  m_PrefabParentObject: {fileID: 0}
  m_PrefabInternal: {fileID: 0}
  m_GameObject: {fileID: 123606429}
  m_LocalRotation: {x: 0, y: 0, z: 0, w: 1}
  m_LocalPosition: {x: 0, y: 0, z: 0}
  m_LocalScale: {x: 1, y: 1, z: 1}
  m_Children: []
  m_Father: {fileID: 0}
  m_RootOrder: 23
  m_LocalEulerAnglesHint: {x: 0, y: 0, z: 0}
--- !u!1001 &155832748
Prefab:
  m_ObjectHideFlags: 0
  serializedVersion: 2
  m_Modification:
    m_TransformParent: {fileID: 0}
    m_Modifications:
    - target: {fileID: 4917203446176696, guid: 412dcf6440f396140809e01ffb5abeb6, type: 2}
      propertyPath: m_LocalPosition.x
      value: -4.405449
      objectReference: {fileID: 0}
    - target: {fileID: 4917203446176696, guid: 412dcf6440f396140809e01ffb5abeb6, type: 2}
      propertyPath: m_LocalPosition.y
      value: 1.75
      objectReference: {fileID: 0}
    - target: {fileID: 4917203446176696, guid: 412dcf6440f396140809e01ffb5abeb6, type: 2}
      propertyPath: m_LocalPosition.z
      value: -2.41
      objectReference: {fileID: 0}
    - target: {fileID: 4917203446176696, guid: 412dcf6440f396140809e01ffb5abeb6, type: 2}
      propertyPath: m_LocalRotation.x
      value: 0.000000021855696
      objectReference: {fileID: 0}
    - target: {fileID: 4917203446176696, guid: 412dcf6440f396140809e01ffb5abeb6, type: 2}
      propertyPath: m_LocalRotation.y
      value: 0
      objectReference: {fileID: 0}
    - target: {fileID: 4917203446176696, guid: 412dcf6440f396140809e01ffb5abeb6, type: 2}
      propertyPath: m_LocalRotation.z
      value: -0
      objectReference: {fileID: 0}
    - target: {fileID: 4917203446176696, guid: 412dcf6440f396140809e01ffb5abeb6, type: 2}
      propertyPath: m_LocalRotation.w
      value: 1
      objectReference: {fileID: 0}
    - target: {fileID: 4917203446176696, guid: 412dcf6440f396140809e01ffb5abeb6, type: 2}
      propertyPath: m_RootOrder
      value: 9
      objectReference: {fileID: 0}
    m_RemovedComponents: []
  m_ParentPrefab: {fileID: 100100000, guid: 412dcf6440f396140809e01ffb5abeb6, type: 2}
  m_IsPrefabParent: 0
--- !u!1001 &202181972
Prefab:
  m_ObjectHideFlags: 0
  serializedVersion: 2
  m_Modification:
    m_TransformParent: {fileID: 0}
    m_Modifications:
    - target: {fileID: 4352598560402098, guid: fafb5e8c1a573b746a65d8c446918c41, type: 2}
      propertyPath: m_LocalPosition.x
      value: -3.8143442
      objectReference: {fileID: 0}
    - target: {fileID: 4352598560402098, guid: fafb5e8c1a573b746a65d8c446918c41, type: 2}
      propertyPath: m_LocalPosition.y
      value: -0.3808841
      objectReference: {fileID: 0}
    - target: {fileID: 4352598560402098, guid: fafb5e8c1a573b746a65d8c446918c41, type: 2}
      propertyPath: m_LocalPosition.z
      value: -5.506178
      objectReference: {fileID: 0}
    - target: {fileID: 4352598560402098, guid: fafb5e8c1a573b746a65d8c446918c41, type: 2}
      propertyPath: m_LocalRotation.x
      value: 0
      objectReference: {fileID: 0}
    - target: {fileID: 4352598560402098, guid: fafb5e8c1a573b746a65d8c446918c41, type: 2}
      propertyPath: m_LocalRotation.y
      value: 0
      objectReference: {fileID: 0}
    - target: {fileID: 4352598560402098, guid: fafb5e8c1a573b746a65d8c446918c41, type: 2}
      propertyPath: m_LocalRotation.z
      value: 0
      objectReference: {fileID: 0}
    - target: {fileID: 4352598560402098, guid: fafb5e8c1a573b746a65d8c446918c41, type: 2}
      propertyPath: m_LocalRotation.w
      value: 1
      objectReference: {fileID: 0}
    - target: {fileID: 4352598560402098, guid: fafb5e8c1a573b746a65d8c446918c41, type: 2}
      propertyPath: m_RootOrder
      value: 3
      objectReference: {fileID: 0}
    m_RemovedComponents: []
  m_ParentPrefab: {fileID: 100100000, guid: fafb5e8c1a573b746a65d8c446918c41, type: 2}
  m_IsPrefabParent: 0
--- !u!1001 &247426559
Prefab:
  m_ObjectHideFlags: 0
  serializedVersion: 2
  m_Modification:
    m_TransformParent: {fileID: 0}
    m_Modifications:
    - target: {fileID: 4807711013364316, guid: 9e6de5ffc7d28d348a4208316a3ac37a, type: 2}
      propertyPath: m_LocalPosition.x
      value: 3.8131273
      objectReference: {fileID: 0}
    - target: {fileID: 4807711013364316, guid: 9e6de5ffc7d28d348a4208316a3ac37a, type: 2}
      propertyPath: m_LocalPosition.y
      value: -1.11
      objectReference: {fileID: 0}
    - target: {fileID: 4807711013364316, guid: 9e6de5ffc7d28d348a4208316a3ac37a, type: 2}
      propertyPath: m_LocalPosition.z
      value: 5.5798473
      objectReference: {fileID: 0}
    - target: {fileID: 4807711013364316, guid: 9e6de5ffc7d28d348a4208316a3ac37a, type: 2}
      propertyPath: m_LocalRotation.x
      value: -0
      objectReference: {fileID: 0}
    - target: {fileID: 4807711013364316, guid: 9e6de5ffc7d28d348a4208316a3ac37a, type: 2}
      propertyPath: m_LocalRotation.y
      value: -0.40206236
      objectReference: {fileID: 0}
    - target: {fileID: 4807711013364316, guid: 9e6de5ffc7d28d348a4208316a3ac37a, type: 2}
      propertyPath: m_LocalRotation.z
      value: -0
      objectReference: {fileID: 0}
    - target: {fileID: 4807711013364316, guid: 9e6de5ffc7d28d348a4208316a3ac37a, type: 2}
      propertyPath: m_LocalRotation.w
      value: 0.91561234
      objectReference: {fileID: 0}
    - target: {fileID: 4807711013364316, guid: 9e6de5ffc7d28d348a4208316a3ac37a, type: 2}
      propertyPath: m_RootOrder
      value: 2
      objectReference: {fileID: 0}
    m_RemovedComponents: []
  m_ParentPrefab: {fileID: 100100000, guid: 9e6de5ffc7d28d348a4208316a3ac37a, type: 2}
  m_IsPrefabParent: 0
--- !u!1 &330167932
GameObject:
  m_ObjectHideFlags: 0
  m_PrefabParentObject: {fileID: 0}
  m_PrefabInternal: {fileID: 0}
  serializedVersion: 5
  m_Component:
  - component: {fileID: 330167936}
  - component: {fileID: 330167935}
  - component: {fileID: 330167934}
  - component: {fileID: 330167933}
  m_Layer: 0
  m_Name: Cube (3)
  m_TagString: Untagged
  m_Icon: {fileID: 0}
  m_NavMeshLayer: 0
  m_StaticEditorFlags: 0
  m_IsActive: 1
--- !u!23 &330167933
MeshRenderer:
  m_ObjectHideFlags: 0
  m_PrefabParentObject: {fileID: 0}
  m_PrefabInternal: {fileID: 0}
  m_GameObject: {fileID: 330167932}
  m_Enabled: 1
  m_CastShadows: 1
  m_ReceiveShadows: 1
  m_MotionVectors: 1
  m_LightProbeUsage: 1
  m_ReflectionProbeUsage: 1
  m_Materials:
  - {fileID: 2100000, guid: 5d69df9d9d11e49d110086ba44295342, type: 2}
  m_StaticBatchInfo:
    firstSubMesh: 0
    subMeshCount: 0
  m_StaticBatchRoot: {fileID: 0}
  m_ProbeAnchor: {fileID: 0}
  m_LightProbeVolumeOverride: {fileID: 0}
  m_ScaleInLightmap: 1
  m_PreserveUVs: 1
  m_IgnoreNormalsForChartDetection: 0
  m_ImportantGI: 0
  m_SelectedEditorRenderState: 3
  m_MinimumChartSize: 4
  m_AutoUVMaxDistance: 0.5
  m_AutoUVMaxAngle: 89
  m_LightmapParameters: {fileID: 0}
  m_SortingLayerID: 0
  m_SortingOrder: 0
--- !u!65 &330167934
BoxCollider:
  m_ObjectHideFlags: 0
  m_PrefabParentObject: {fileID: 0}
  m_PrefabInternal: {fileID: 0}
  m_GameObject: {fileID: 330167932}
  m_Material: {fileID: 0}
  m_IsTrigger: 0
  m_Enabled: 1
  serializedVersion: 2
  m_Size: {x: 1, y: 1, z: 1}
  m_Center: {x: 0, y: 0, z: 0}
--- !u!33 &330167935
MeshFilter:
  m_ObjectHideFlags: 0
  m_PrefabParentObject: {fileID: 0}
  m_PrefabInternal: {fileID: 0}
  m_GameObject: {fileID: 330167932}
  m_Mesh: {fileID: 10202, guid: 0000000000000000e000000000000000, type: 0}
--- !u!4 &330167936
Transform:
  m_ObjectHideFlags: 0
  m_PrefabParentObject: {fileID: 0}
  m_PrefabInternal: {fileID: 0}
  m_GameObject: {fileID: 330167932}
  m_LocalRotation: {x: 0, y: 0, z: 0, w: 1}
  m_LocalPosition: {x: 0.49, y: 1.6, z: -13.6}
  m_LocalScale: {x: 31.215046, y: 6.607054, z: 1}
  m_Children: []
  m_Father: {fileID: 0}
  m_RootOrder: 15
  m_LocalEulerAnglesHint: {x: 0, y: 0, z: 0}
--- !u!1 &619243105
GameObject:
  m_ObjectHideFlags: 0
  m_PrefabParentObject: {fileID: 0}
  m_PrefabInternal: {fileID: 0}
  serializedVersion: 5
  m_Component:
  - component: {fileID: 619243109}
  - component: {fileID: 619243108}
  - component: {fileID: 619243107}
  - component: {fileID: 619243106}
  m_Layer: 0
  m_Name: Button
  m_TagString: Button
  m_Icon: {fileID: 0}
  m_NavMeshLayer: 0
  m_StaticEditorFlags: 0
  m_IsActive: 1
--- !u!23 &619243106
MeshRenderer:
  m_ObjectHideFlags: 0
  m_PrefabParentObject: {fileID: 0}
  m_PrefabInternal: {fileID: 0}
  m_GameObject: {fileID: 619243105}
  m_Enabled: 1
  m_CastShadows: 1
  m_ReceiveShadows: 1
  m_MotionVectors: 1
  m_LightProbeUsage: 1
  m_ReflectionProbeUsage: 1
  m_Materials:
  - {fileID: 2100000, guid: cd4f51a924609d34ca71be4415c732c5, type: 2}
  m_StaticBatchInfo:
    firstSubMesh: 0
    subMeshCount: 0
  m_StaticBatchRoot: {fileID: 0}
  m_ProbeAnchor: {fileID: 0}
  m_LightProbeVolumeOverride: {fileID: 0}
  m_ScaleInLightmap: 1
  m_PreserveUVs: 1
  m_IgnoreNormalsForChartDetection: 0
  m_ImportantGI: 0
  m_SelectedEditorRenderState: 3
  m_MinimumChartSize: 4
  m_AutoUVMaxDistance: 0.5
  m_AutoUVMaxAngle: 89
  m_LightmapParameters: {fileID: 0}
  m_SortingLayerID: 0
  m_SortingOrder: 0
--- !u!65 &619243107
BoxCollider:
  m_ObjectHideFlags: 0
  m_PrefabParentObject: {fileID: 0}
  m_PrefabInternal: {fileID: 0}
  m_GameObject: {fileID: 619243105}
  m_Material: {fileID: 0}
  m_IsTrigger: 0
  m_Enabled: 1
  serializedVersion: 2
  m_Size: {x: 1, y: 1, z: 1}
  m_Center: {x: 0, y: 0, z: 0}
--- !u!33 &619243108
MeshFilter:
  m_ObjectHideFlags: 0
  m_PrefabParentObject: {fileID: 0}
  m_PrefabInternal: {fileID: 0}
  m_GameObject: {fileID: 619243105}
  m_Mesh: {fileID: 10202, guid: 0000000000000000e000000000000000, type: 0}
--- !u!4 &619243109
Transform:
  m_ObjectHideFlags: 0
  m_PrefabParentObject: {fileID: 0}
  m_PrefabInternal: {fileID: 0}
  m_GameObject: {fileID: 619243105}
  m_LocalRotation: {x: 0, y: 0, z: 0, w: 1}
  m_LocalPosition: {x: 3.31, y: -0.71, z: -6.87}
  m_LocalScale: {x: 0.5, y: 1, z: 0.5}
  m_Children: []
  m_Father: {fileID: 0}
  m_RootOrder: 19
  m_LocalEulerAnglesHint: {x: 0, y: 0, z: 0}
--- !u!1 &766541395
GameObject:
  m_ObjectHideFlags: 0
  m_PrefabParentObject: {fileID: 0}
  m_PrefabInternal: {fileID: 0}
  serializedVersion: 5
  m_Component:
  - component: {fileID: 766541399}
  - component: {fileID: 766541398}
  - component: {fileID: 766541397}
  - component: {fileID: 766541396}
  m_Layer: 0
  m_Name: Plane
  m_TagString: Untagged
  m_Icon: {fileID: 0}
  m_NavMeshLayer: 0
  m_StaticEditorFlags: 0
  m_IsActive: 1
--- !u!23 &766541396
MeshRenderer:
  m_ObjectHideFlags: 0
  m_PrefabParentObject: {fileID: 0}
  m_PrefabInternal: {fileID: 0}
  m_GameObject: {fileID: 766541395}
  m_Enabled: 1
  m_CastShadows: 1
  m_ReceiveShadows: 1
  m_MotionVectors: 1
  m_LightProbeUsage: 1
  m_ReflectionProbeUsage: 1
  m_Materials:
  - {fileID: 2100000, guid: 5d69df9d9d11e49d110086ba44295342, type: 2}
  m_StaticBatchInfo:
    firstSubMesh: 0
    subMeshCount: 0
  m_StaticBatchRoot: {fileID: 0}
  m_ProbeAnchor: {fileID: 0}
  m_LightProbeVolumeOverride: {fileID: 0}
  m_ScaleInLightmap: 1
  m_PreserveUVs: 1
  m_IgnoreNormalsForChartDetection: 0
  m_ImportantGI: 0
  m_SelectedEditorRenderState: 3
  m_MinimumChartSize: 4
  m_AutoUVMaxDistance: 0.5
  m_AutoUVMaxAngle: 89
  m_LightmapParameters: {fileID: 0}
  m_SortingLayerID: 0
  m_SortingOrder: 0
--- !u!64 &766541397
MeshCollider:
  m_ObjectHideFlags: 0
  m_PrefabParentObject: {fileID: 0}
  m_PrefabInternal: {fileID: 0}
  m_GameObject: {fileID: 766541395}
  m_Material: {fileID: 0}
  m_IsTrigger: 0
  m_Enabled: 1
  serializedVersion: 2
  m_Convex: 0
  m_InflateMesh: 0
  m_SkinWidth: 0.01
  m_Mesh: {fileID: 10209, guid: 0000000000000000e000000000000000, type: 0}
--- !u!33 &766541398
MeshFilter:
  m_ObjectHideFlags: 0
  m_PrefabParentObject: {fileID: 0}
  m_PrefabInternal: {fileID: 0}
  m_GameObject: {fileID: 766541395}
  m_Mesh: {fileID: 10209, guid: 0000000000000000e000000000000000, type: 0}
--- !u!4 &766541399
Transform:
  m_ObjectHideFlags: 0
  m_PrefabParentObject: {fileID: 0}
  m_PrefabInternal: {fileID: 0}
  m_GameObject: {fileID: 766541395}
  m_LocalRotation: {x: 0, y: 0, z: 0, w: 1}
  m_LocalPosition: {x: 0, y: -1.12, z: 0}
  m_LocalScale: {x: 3.2447672, y: 3.2447684, z: 3.2447684}
  m_Children: []
  m_Father: {fileID: 0}
  m_RootOrder: 12
  m_LocalEulerAnglesHint: {x: 0, y: 0, z: 0}
--- !u!1001 &961202878
Prefab:
  m_ObjectHideFlags: 0
  serializedVersion: 2
  m_Modification:
    m_TransformParent: {fileID: 0}
    m_Modifications:
    - target: {fileID: 4512119344660604, guid: 58b69427d6fc05c42850ce05174f09db, type: 2}
      propertyPath: m_LocalPosition.x
      value: -2.952193
      objectReference: {fileID: 0}
    - target: {fileID: 4512119344660604, guid: 58b69427d6fc05c42850ce05174f09db, type: 2}
      propertyPath: m_LocalPosition.y
      value: 2.4664369
      objectReference: {fileID: 0}
    - target: {fileID: 4512119344660604, guid: 58b69427d6fc05c42850ce05174f09db, type: 2}
      propertyPath: m_LocalPosition.z
      value: 1.87
      objectReference: {fileID: 0}
    - target: {fileID: 4512119344660604, guid: 58b69427d6fc05c42850ce05174f09db, type: 2}
      propertyPath: m_LocalRotation.x
      value: 0
      objectReference: {fileID: 0}
    - target: {fileID: 4512119344660604, guid: 58b69427d6fc05c42850ce05174f09db, type: 2}
      propertyPath: m_LocalRotation.y
      value: 0
      objectReference: {fileID: 0}
    - target: {fileID: 4512119344660604, guid: 58b69427d6fc05c42850ce05174f09db, type: 2}
      propertyPath: m_LocalRotation.z
      value: 0
      objectReference: {fileID: 0}
    - target: {fileID: 4512119344660604, guid: 58b69427d6fc05c42850ce05174f09db, type: 2}
      propertyPath: m_LocalRotation.w
      value: 1
      objectReference: {fileID: 0}
    - target: {fileID: 4512119344660604, guid: 58b69427d6fc05c42850ce05174f09db, type: 2}
      propertyPath: m_RootOrder
      value: 10
      objectReference: {fileID: 0}
    m_RemovedComponents: []
  m_ParentPrefab: {fileID: 100100000, guid: 58b69427d6fc05c42850ce05174f09db, type: 2}
  m_IsPrefabParent: 0
--- !u!1001 &979653712
Prefab:
  m_ObjectHideFlags: 0
  serializedVersion: 2
  m_Modification:
    m_TransformParent: {fileID: 0}
    m_Modifications:
    - target: {fileID: 4779658777548826, guid: 62565f770651fff4786f3154abf56265, type: 2}
      propertyPath: m_LocalPosition.x
      value: 3.87
      objectReference: {fileID: 0}
    - target: {fileID: 4779658777548826, guid: 62565f770651fff4786f3154abf56265, type: 2}
      propertyPath: m_LocalPosition.y
      value: 0.16
      objectReference: {fileID: 0}
    - target: {fileID: 4779658777548826, guid: 62565f770651fff4786f3154abf56265, type: 2}
      propertyPath: m_LocalPosition.z
      value: 1.97
      objectReference: {fileID: 0}
    - target: {fileID: 4779658777548826, guid: 62565f770651fff4786f3154abf56265, type: 2}
      propertyPath: m_LocalRotation.x
      value: 0
      objectReference: {fileID: 0}
    - target: {fileID: 4779658777548826, guid: 62565f770651fff4786f3154abf56265, type: 2}
      propertyPath: m_LocalRotation.y
      value: 0
      objectReference: {fileID: 0}
    - target: {fileID: 4779658777548826, guid: 62565f770651fff4786f3154abf56265, type: 2}
      propertyPath: m_LocalRotation.z
      value: 0
      objectReference: {fileID: 0}
    - target: {fileID: 4779658777548826, guid: 62565f770651fff4786f3154abf56265, type: 2}
      propertyPath: m_LocalRotation.w
      value: 1
      objectReference: {fileID: 0}
    - target: {fileID: 4779658777548826, guid: 62565f770651fff4786f3154abf56265, type: 2}
      propertyPath: m_RootOrder
      value: 20
      objectReference: {fileID: 0}
    m_RemovedComponents: []
  m_ParentPrefab: {fileID: 100100000, guid: 62565f770651fff4786f3154abf56265, type: 2}
  m_IsPrefabParent: 0
--- !u!1001 &1057005478
Prefab:
  m_ObjectHideFlags: 0
  serializedVersion: 2
  m_Modification:
    m_TransformParent: {fileID: 0}
    m_Modifications:
    - target: {fileID: 4522669262095948, guid: 601097ae815ff914ca796a06d5a22ecf, type: 2}
      propertyPath: m_LocalPosition.x
      value: 3.135107
      objectReference: {fileID: 0}
    - target: {fileID: 4522669262095948, guid: 601097ae815ff914ca796a06d5a22ecf, type: 2}
      propertyPath: m_LocalPosition.y
      value: 0.04
      objectReference: {fileID: 0}
    - target: {fileID: 4522669262095948, guid: 601097ae815ff914ca796a06d5a22ecf, type: 2}
      propertyPath: m_LocalPosition.z
      value: -2.9867651
      objectReference: {fileID: 0}
    - target: {fileID: 4522669262095948, guid: 601097ae815ff914ca796a06d5a22ecf, type: 2}
      propertyPath: m_LocalRotation.x
      value: 0
      objectReference: {fileID: 0}
    - target: {fileID: 4522669262095948, guid: 601097ae815ff914ca796a06d5a22ecf, type: 2}
      propertyPath: m_LocalRotation.y
      value: 0
      objectReference: {fileID: 0}
    - target: {fileID: 4522669262095948, guid: 601097ae815ff914ca796a06d5a22ecf, type: 2}
      propertyPath: m_LocalRotation.z
      value: 0
      objectReference: {fileID: 0}
    - target: {fileID: 4522669262095948, guid: 601097ae815ff914ca796a06d5a22ecf, type: 2}
      propertyPath: m_LocalRotation.w
      value: 1
      objectReference: {fileID: 0}
    - target: {fileID: 4522669262095948, guid: 601097ae815ff914ca796a06d5a22ecf, type: 2}
      propertyPath: m_RootOrder
      value: 1
      objectReference: {fileID: 0}
    m_RemovedComponents: []
  m_ParentPrefab: {fileID: 100100000, guid: 601097ae815ff914ca796a06d5a22ecf, type: 2}
  m_IsPrefabParent: 0
--- !u!1001 &1266222889
Prefab:
  m_ObjectHideFlags: 0
  serializedVersion: 2
  m_Modification:
    m_TransformParent: {fileID: 0}
    m_Modifications:
    - target: {fileID: 224073139999452640, guid: 49491f3e1e573bb4f96e7628b493525d,
        type: 2}
      propertyPath: m_LocalPosition.x
      value: 0
      objectReference: {fileID: 0}
    - target: {fileID: 224073139999452640, guid: 49491f3e1e573bb4f96e7628b493525d,
        type: 2}
      propertyPath: m_LocalPosition.y
      value: 0
      objectReference: {fileID: 0}
    - target: {fileID: 224073139999452640, guid: 49491f3e1e573bb4f96e7628b493525d,
        type: 2}
      propertyPath: m_LocalPosition.z
      value: 0
      objectReference: {fileID: 0}
    - target: {fileID: 224073139999452640, guid: 49491f3e1e573bb4f96e7628b493525d,
        type: 2}
      propertyPath: m_LocalRotation.x
      value: 0
      objectReference: {fileID: 0}
    - target: {fileID: 224073139999452640, guid: 49491f3e1e573bb4f96e7628b493525d,
        type: 2}
      propertyPath: m_LocalRotation.y
      value: 0
      objectReference: {fileID: 0}
    - target: {fileID: 224073139999452640, guid: 49491f3e1e573bb4f96e7628b493525d,
        type: 2}
      propertyPath: m_LocalRotation.z
      value: 0
      objectReference: {fileID: 0}
    - target: {fileID: 224073139999452640, guid: 49491f3e1e573bb4f96e7628b493525d,
        type: 2}
      propertyPath: m_LocalRotation.w
      value: 1
      objectReference: {fileID: 0}
    - target: {fileID: 224073139999452640, guid: 49491f3e1e573bb4f96e7628b493525d,
        type: 2}
      propertyPath: m_RootOrder
      value: 22
      objectReference: {fileID: 0}
    - target: {fileID: 224073139999452640, guid: 49491f3e1e573bb4f96e7628b493525d,
        type: 2}
      propertyPath: m_AnchoredPosition.x
      value: 950
      objectReference: {fileID: 0}
    - target: {fileID: 224073139999452640, guid: 49491f3e1e573bb4f96e7628b493525d,
        type: 2}
      propertyPath: m_AnchoredPosition.y
      value: 540
      objectReference: {fileID: 0}
    - target: {fileID: 224073139999452640, guid: 49491f3e1e573bb4f96e7628b493525d,
        type: 2}
      propertyPath: m_SizeDelta.x
      value: 1900
      objectReference: {fileID: 0}
    - target: {fileID: 224073139999452640, guid: 49491f3e1e573bb4f96e7628b493525d,
        type: 2}
      propertyPath: m_SizeDelta.y
      value: 1080
      objectReference: {fileID: 0}
    - target: {fileID: 224073139999452640, guid: 49491f3e1e573bb4f96e7628b493525d,
        type: 2}
      propertyPath: m_AnchorMin.x
      value: 0
      objectReference: {fileID: 0}
    - target: {fileID: 224073139999452640, guid: 49491f3e1e573bb4f96e7628b493525d,
        type: 2}
      propertyPath: m_AnchorMin.y
      value: 0
      objectReference: {fileID: 0}
    - target: {fileID: 224073139999452640, guid: 49491f3e1e573bb4f96e7628b493525d,
        type: 2}
      propertyPath: m_AnchorMax.x
      value: 0
      objectReference: {fileID: 0}
    - target: {fileID: 224073139999452640, guid: 49491f3e1e573bb4f96e7628b493525d,
        type: 2}
      propertyPath: m_AnchorMax.y
      value: 0
      objectReference: {fileID: 0}
    - target: {fileID: 224073139999452640, guid: 49491f3e1e573bb4f96e7628b493525d,
        type: 2}
      propertyPath: m_Pivot.x
      value: 0.5
      objectReference: {fileID: 0}
    - target: {fileID: 224073139999452640, guid: 49491f3e1e573bb4f96e7628b493525d,
        type: 2}
      propertyPath: m_Pivot.y
      value: 0.5
      objectReference: {fileID: 0}
    m_RemovedComponents: []
  m_ParentPrefab: {fileID: 100100000, guid: 49491f3e1e573bb4f96e7628b493525d, type: 2}
  m_IsPrefabParent: 0
--- !u!1 &1453392543
GameObject:
  m_ObjectHideFlags: 0
  m_PrefabParentObject: {fileID: 0}
  m_PrefabInternal: {fileID: 0}
  serializedVersion: 5
  m_Component:
  - component: {fileID: 1453392545}
  - component: {fileID: 1453392544}
  m_Layer: 0
  m_Name: Directional Light (1)
  m_TagString: Untagged
  m_Icon: {fileID: 0}
  m_NavMeshLayer: 0
  m_StaticEditorFlags: 0
  m_IsActive: 1
--- !u!108 &1453392544
Light:
  m_ObjectHideFlags: 0
  m_PrefabParentObject: {fileID: 0}
  m_PrefabInternal: {fileID: 0}
  m_GameObject: {fileID: 1453392543}
  m_Enabled: 1
  serializedVersion: 7
  m_Type: 1
  m_Color: {r: 1, g: 0.95686275, b: 0.8392157, a: 1}
  m_Intensity: 0.27
  m_Range: 10
  m_SpotAngle: 30
  m_CookieSize: 10
  m_Shadows:
    m_Type: 0
    m_Resolution: -1
    m_CustomResolution: -1
    m_Strength: 1
    m_Bias: 0.05
    m_NormalBias: 0.4
    m_NearPlane: 0.2
  m_Cookie: {fileID: 0}
  m_DrawHalo: 0
  m_Flare: {fileID: 0}
  m_RenderMode: 0
  m_CullingMask:
    serializedVersion: 2
    m_Bits: 4294967295
  m_Lightmapping: 4
  m_AreaSize: {x: 1, y: 1}
  m_BounceIntensity: 1
  m_ShadowRadius: 0
  m_ShadowAngle: 0
--- !u!4 &1453392545
Transform:
  m_ObjectHideFlags: 0
  m_PrefabParentObject: {fileID: 0}
  m_PrefabInternal: {fileID: 0}
  m_GameObject: {fileID: 1453392543}
  m_LocalRotation: {x: -0.032842834, y: 0.90356714, z: -0.4213398, w: -0.070431374}
  m_LocalPosition: {x: 0, y: 14.44, z: 0}
  m_LocalScale: {x: 1, y: 1, z: 1}
  m_Children: []
  m_Father: {fileID: 0}
  m_RootOrder: 21
  m_LocalEulerAnglesHint: {x: 50.000004, y: 188.91399, z: 0}
--- !u!1001 &1487031521
Prefab:
  m_ObjectHideFlags: 0
  serializedVersion: 2
  m_Modification:
    m_TransformParent: {fileID: 0}
    m_Modifications:
    - target: {fileID: 4333704934039500, guid: cd7f267d3dcf4394bbb4a2eff2165311, type: 2}
      propertyPath: m_LocalPosition.x
      value: 0
      objectReference: {fileID: 0}
    - target: {fileID: 4333704934039500, guid: cd7f267d3dcf4394bbb4a2eff2165311, type: 2}
      propertyPath: m_LocalPosition.y
      value: 0
      objectReference: {fileID: 0}
    - target: {fileID: 4333704934039500, guid: cd7f267d3dcf4394bbb4a2eff2165311, type: 2}
      propertyPath: m_LocalPosition.z
      value: 0
      objectReference: {fileID: 0}
    - target: {fileID: 4333704934039500, guid: cd7f267d3dcf4394bbb4a2eff2165311, type: 2}
      propertyPath: m_LocalRotation.x
      value: 0
      objectReference: {fileID: 0}
    - target: {fileID: 4333704934039500, guid: cd7f267d3dcf4394bbb4a2eff2165311, type: 2}
      propertyPath: m_LocalRotation.y
      value: 0
      objectReference: {fileID: 0}
    - target: {fileID: 4333704934039500, guid: cd7f267d3dcf4394bbb4a2eff2165311, type: 2}
      propertyPath: m_LocalRotation.z
      value: 0
      objectReference: {fileID: 0}
    - target: {fileID: 4333704934039500, guid: cd7f267d3dcf4394bbb4a2eff2165311, type: 2}
      propertyPath: m_LocalRotation.w
      value: 1
      objectReference: {fileID: 0}
    - target: {fileID: 4333704934039500, guid: cd7f267d3dcf4394bbb4a2eff2165311, type: 2}
      propertyPath: m_RootOrder
      value: 6
      objectReference: {fileID: 0}
    - target: {fileID: 1814160137384874, guid: cd7f267d3dcf4394bbb4a2eff2165311, type: 2}
      propertyPath: m_Name
      value: ColorChanger
      objectReference: {fileID: 0}
    m_RemovedComponents: []
  m_ParentPrefab: {fileID: 100100000, guid: cd7f267d3dcf4394bbb4a2eff2165311, type: 2}
  m_IsPrefabParent: 0
--- !u!1 &1560196093
GameObject:
  m_ObjectHideFlags: 0
  m_PrefabParentObject: {fileID: 0}
  m_PrefabInternal: {fileID: 0}
  serializedVersion: 5
  m_Component:
  - component: {fileID: 1560196097}
  - component: {fileID: 1560196096}
  - component: {fileID: 1560196095}
  - component: {fileID: 1560196094}
  m_Layer: 0
  m_Name: Cube (6)
  m_TagString: Untagged
  m_Icon: {fileID: 0}
  m_NavMeshLayer: 0
  m_StaticEditorFlags: 0
  m_IsActive: 1
--- !u!23 &1560196094
MeshRenderer:
  m_ObjectHideFlags: 0
  m_PrefabParentObject: {fileID: 0}
  m_PrefabInternal: {fileID: 0}
  m_GameObject: {fileID: 1560196093}
  m_Enabled: 1
  m_CastShadows: 1
  m_ReceiveShadows: 1
  m_MotionVectors: 1
  m_LightProbeUsage: 1
  m_ReflectionProbeUsage: 1
  m_Materials:
  - {fileID: 2100000, guid: 5d69df9d9d11e49d110086ba44295342, type: 2}
  m_StaticBatchInfo:
    firstSubMesh: 0
    subMeshCount: 0
  m_StaticBatchRoot: {fileID: 0}
  m_ProbeAnchor: {fileID: 0}
  m_LightProbeVolumeOverride: {fileID: 0}
  m_ScaleInLightmap: 1
  m_PreserveUVs: 1
  m_IgnoreNormalsForChartDetection: 0
  m_ImportantGI: 0
  m_SelectedEditorRenderState: 3
  m_MinimumChartSize: 4
  m_AutoUVMaxDistance: 0.5
  m_AutoUVMaxAngle: 89
  m_LightmapParameters: {fileID: 0}
  m_SortingLayerID: 0
  m_SortingOrder: 0
--- !u!65 &1560196095
BoxCollider:
  m_ObjectHideFlags: 0
  m_PrefabParentObject: {fileID: 0}
  m_PrefabInternal: {fileID: 0}
  m_GameObject: {fileID: 1560196093}
  m_Material: {fileID: 0}
  m_IsTrigger: 0
  m_Enabled: 1
  serializedVersion: 2
  m_Size: {x: 1, y: 1, z: 1}
  m_Center: {x: 0, y: 0, z: 0}
--- !u!33 &1560196096
MeshFilter:
  m_ObjectHideFlags: 0
  m_PrefabParentObject: {fileID: 0}
  m_PrefabInternal: {fileID: 0}
  m_GameObject: {fileID: 1560196093}
  m_Mesh: {fileID: 10202, guid: 0000000000000000e000000000000000, type: 0}
--- !u!4 &1560196097
Transform:
  m_ObjectHideFlags: 0
  m_PrefabParentObject: {fileID: 0}
  m_PrefabInternal: {fileID: 0}
  m_GameObject: {fileID: 1560196093}
  m_LocalRotation: {x: -0, y: -0.7071996, z: -0, w: 0.70701396}
  m_LocalPosition: {x: 12.159998, y: 1.6, z: -1.9669416}
  m_LocalScale: {x: 31.215046, y: 6.607054, z: 1.000001}
  m_Children: []
  m_Father: {fileID: 0}
  m_RootOrder: 18
  m_LocalEulerAnglesHint: {x: 0, y: -90.01501, z: 0}
--- !u!1001 &1636501709
Prefab:
  m_ObjectHideFlags: 0
  serializedVersion: 2
  m_Modification:
    m_TransformParent: {fileID: 0}
    m_Modifications:
    - target: {fileID: 4698534061086172, guid: 93979563a00de65429402324c208f215, type: 2}
      propertyPath: m_LocalPosition.x
      value: -9.39
      objectReference: {fileID: 0}
    - target: {fileID: 4698534061086172, guid: 93979563a00de65429402324c208f215, type: 2}
      propertyPath: m_LocalPosition.y
      value: 3.1
      objectReference: {fileID: 0}
    - target: {fileID: 4698534061086172, guid: 93979563a00de65429402324c208f215, type: 2}
      propertyPath: m_LocalPosition.z
      value: -9.4
      objectReference: {fileID: 0}
    - target: {fileID: 4698534061086172, guid: 93979563a00de65429402324c208f215, type: 2}
      propertyPath: m_LocalRotation.x
      value: -0
      objectReference: {fileID: 0}
    - target: {fileID: 4698534061086172, guid: 93979563a00de65429402324c208f215, type: 2}
      propertyPath: m_LocalRotation.y
      value: 0.70710707
      objectReference: {fileID: 0}
    - target: {fileID: 4698534061086172, guid: 93979563a00de65429402324c208f215, type: 2}
      propertyPath: m_LocalRotation.z
      value: -0
      objectReference: {fileID: 0}
    - target: {fileID: 4698534061086172, guid: 93979563a00de65429402324c208f215, type: 2}
      propertyPath: m_LocalRotation.w
      value: 0.7071066
      objectReference: {fileID: 0}
    - target: {fileID: 4698534061086172, guid: 93979563a00de65429402324c208f215, type: 2}
      propertyPath: m_RootOrder
      value: 13
      objectReference: {fileID: 0}
    - target: {fileID: 120465669199910460, guid: 93979563a00de65429402324c208f215,
        type: 2}
      propertyPath: m_Materials.Array.data[0]
      value: 
      objectReference: {fileID: 2100000, guid: 65633fa0a54709244893ea063ce48d7e, type: 2}
    m_RemovedComponents: []
  m_ParentPrefab: {fileID: 100100000, guid: 93979563a00de65429402324c208f215, type: 2}
  m_IsPrefabParent: 0
--- !u!1001 &1652662181
Prefab:
  m_ObjectHideFlags: 0
  serializedVersion: 2
  m_Modification:
    m_TransformParent: {fileID: 0}
    m_Modifications:
    - target: {fileID: 4150305223623086, guid: 1bba7db8c01bc68478ba2eb56f7437f7, type: 2}
      propertyPath: m_LocalPosition.x
      value: 6.76
      objectReference: {fileID: 0}
    - target: {fileID: 4150305223623086, guid: 1bba7db8c01bc68478ba2eb56f7437f7, type: 2}
      propertyPath: m_LocalPosition.y
      value: -3.084
      objectReference: {fileID: 0}
    - target: {fileID: 4150305223623086, guid: 1bba7db8c01bc68478ba2eb56f7437f7, type: 2}
      propertyPath: m_LocalPosition.z
      value: -2.08
      objectReference: {fileID: 0}
    - target: {fileID: 4150305223623086, guid: 1bba7db8c01bc68478ba2eb56f7437f7, type: 2}
      propertyPath: m_LocalRotation.x
      value: -0
      objectReference: {fileID: 0}
    - target: {fileID: 4150305223623086, guid: 1bba7db8c01bc68478ba2eb56f7437f7, type: 2}
      propertyPath: m_LocalRotation.y
      value: 0.48118487
      objectReference: {fileID: 0}
    - target: {fileID: 4150305223623086, guid: 1bba7db8c01bc68478ba2eb56f7437f7, type: 2}
      propertyPath: m_LocalRotation.z
      value: -0
      objectReference: {fileID: 0}
    - target: {fileID: 4150305223623086, guid: 1bba7db8c01bc68478ba2eb56f7437f7, type: 2}
      propertyPath: m_LocalRotation.w
      value: 0.8766192
      objectReference: {fileID: 0}
    - target: {fileID: 4150305223623086, guid: 1bba7db8c01bc68478ba2eb56f7437f7, type: 2}
      propertyPath: m_RootOrder
      value: 4
      objectReference: {fileID: 0}
    m_RemovedComponents: []
  m_ParentPrefab: {fileID: 100100000, guid: 1bba7db8c01bc68478ba2eb56f7437f7, type: 2}
  m_IsPrefabParent: 0
--- !u!1 &1743572236
GameObject:
  m_ObjectHideFlags: 0
  m_PrefabParentObject: {fileID: 0}
  m_PrefabInternal: {fileID: 0}
  serializedVersion: 5
  m_Component:
  - component: {fileID: 1743572240}
  - component: {fileID: 1743572239}
  - component: {fileID: 1743572238}
  - component: {fileID: 1743572237}
  m_Layer: 0
  m_Name: Cube (4)
  m_TagString: Untagged
  m_Icon: {fileID: 0}
  m_NavMeshLayer: 0
  m_StaticEditorFlags: 0
  m_IsActive: 1
--- !u!23 &1743572237
MeshRenderer:
  m_ObjectHideFlags: 0
  m_PrefabParentObject: {fileID: 0}
  m_PrefabInternal: {fileID: 0}
  m_GameObject: {fileID: 1743572236}
  m_Enabled: 1
  m_CastShadows: 1
  m_ReceiveShadows: 1
  m_MotionVectors: 1
  m_LightProbeUsage: 1
  m_ReflectionProbeUsage: 1
  m_Materials:
  - {fileID: 2100000, guid: 5d69df9d9d11e49d110086ba44295342, type: 2}
  m_StaticBatchInfo:
    firstSubMesh: 0
    subMeshCount: 0
  m_StaticBatchRoot: {fileID: 0}
  m_ProbeAnchor: {fileID: 0}
  m_LightProbeVolumeOverride: {fileID: 0}
  m_ScaleInLightmap: 1
  m_PreserveUVs: 1
  m_IgnoreNormalsForChartDetection: 0
  m_ImportantGI: 0
  m_SelectedEditorRenderState: 3
  m_MinimumChartSize: 4
  m_AutoUVMaxDistance: 0.5
  m_AutoUVMaxAngle: 89
  m_LightmapParameters: {fileID: 0}
  m_SortingLayerID: 0
  m_SortingOrder: 0
--- !u!65 &1743572238
BoxCollider:
  m_ObjectHideFlags: 0
  m_PrefabParentObject: {fileID: 0}
  m_PrefabInternal: {fileID: 0}
  m_GameObject: {fileID: 1743572236}
  m_Material: {fileID: 0}
  m_IsTrigger: 0
  m_Enabled: 1
  serializedVersion: 2
  m_Size: {x: 1, y: 1, z: 1}
  m_Center: {x: 0, y: 0, z: 0}
--- !u!33 &1743572239
MeshFilter:
  m_ObjectHideFlags: 0
  m_PrefabParentObject: {fileID: 0}
  m_PrefabInternal: {fileID: 0}
  m_GameObject: {fileID: 1743572236}
  m_Mesh: {fileID: 10202, guid: 0000000000000000e000000000000000, type: 0}
--- !u!4 &1743572240
Transform:
  m_ObjectHideFlags: 0
  m_PrefabParentObject: {fileID: 0}
  m_PrefabInternal: {fileID: 0}
  m_GameObject: {fileID: 1743572236}
  m_LocalRotation: {x: 0.0015718311, y: 0.00091240066, z: -0.0013052413, w: 0.99999756}
  m_LocalPosition: {x: 0.49, y: 1.6, z: 9.7}
  m_LocalScale: {x: 31.215046, y: 6.607054, z: 1}
  m_Children: []
  m_Father: {fileID: 0}
  m_RootOrder: 16
  m_LocalEulerAnglesHint: {x: 0.18, y: 0.104, z: -0.149}
--- !u!1001 &1840475707
Prefab:
  m_ObjectHideFlags: 0
  serializedVersion: 2
  m_Modification:
    m_TransformParent: {fileID: 0}
    m_Modifications:
    - target: {fileID: 4647978906778758, guid: 8be5b4012ddb6fd469661f88d202fa08, type: 2}
      propertyPath: m_LocalPosition.x
      value: 0.86049247
      objectReference: {fileID: 0}
    - target: {fileID: 4647978906778758, guid: 8be5b4012ddb6fd469661f88d202fa08, type: 2}
      propertyPath: m_LocalPosition.y
      value: -1.11
      objectReference: {fileID: 0}
    - target: {fileID: 4647978906778758, guid: 8be5b4012ddb6fd469661f88d202fa08, type: 2}
      propertyPath: m_LocalPosition.z
      value: -10.64
      objectReference: {fileID: 0}
    - target: {fileID: 4647978906778758, guid: 8be5b4012ddb6fd469661f88d202fa08, type: 2}
      propertyPath: m_LocalRotation.x
      value: 0.000000021855694
      objectReference: {fileID: 0}
    - target: {fileID: 4647978906778758, guid: 8be5b4012ddb6fd469661f88d202fa08, type: 2}
      propertyPath: m_LocalRotation.y
      value: -0
      objectReference: {fileID: 0}
    - target: {fileID: 4647978906778758, guid: 8be5b4012ddb6fd469661f88d202fa08, type: 2}
      propertyPath: m_LocalRotation.z
      value: -0
      objectReference: {fileID: 0}
    - target: {fileID: 4647978906778758, guid: 8be5b4012ddb6fd469661f88d202fa08, type: 2}
      propertyPath: m_LocalRotation.w
      value: 1
      objectReference: {fileID: 0}
    - target: {fileID: 4647978906778758, guid: 8be5b4012ddb6fd469661f88d202fa08, type: 2}
      propertyPath: m_RootOrder
      value: 7
      objectReference: {fileID: 0}
    m_RemovedComponents: []
  m_ParentPrefab: {fileID: 100100000, guid: 8be5b4012ddb6fd469661f88d202fa08, type: 2}
  m_IsPrefabParent: 0
--- !u!1001 &1855200342
Prefab:
  m_ObjectHideFlags: 0
  serializedVersion: 2
  m_Modification:
    m_TransformParent: {fileID: 0}
    m_Modifications:
    - target: {fileID: 4695819584976110, guid: 9e59cd519671b28489d64d7bcaf04705, type: 2}
      propertyPath: m_LocalPosition.x
      value: -0.06
      objectReference: {fileID: 0}
    - target: {fileID: 4695819584976110, guid: 9e59cd519671b28489d64d7bcaf04705, type: 2}
      propertyPath: m_LocalPosition.y
      value: 2.53
      objectReference: {fileID: 0}
    - target: {fileID: 4695819584976110, guid: 9e59cd519671b28489d64d7bcaf04705, type: 2}
      propertyPath: m_LocalPosition.z
      value: -0.76
      objectReference: {fileID: 0}
    - target: {fileID: 4695819584976110, guid: 9e59cd519671b28489d64d7bcaf04705, type: 2}
      propertyPath: m_LocalRotation.x
      value: 0
      objectReference: {fileID: 0}
    - target: {fileID: 4695819584976110, guid: 9e59cd519671b28489d64d7bcaf04705, type: 2}
      propertyPath: m_LocalRotation.y
      value: 0
      objectReference: {fileID: 0}
    - target: {fileID: 4695819584976110, guid: 9e59cd519671b28489d64d7bcaf04705, type: 2}
      propertyPath: m_LocalRotation.z
      value: 0
      objectReference: {fileID: 0}
    - target: {fileID: 4695819584976110, guid: 9e59cd519671b28489d64d7bcaf04705, type: 2}
      propertyPath: m_LocalRotation.w
      value: 1
      objectReference: {fileID: 0}
    - target: {fileID: 4695819584976110, guid: 9e59cd519671b28489d64d7bcaf04705, type: 2}
      propertyPath: m_RootOrder
      value: 11
      objectReference: {fileID: 0}
    - target: {fileID: 1708280287275998, guid: 9e59cd519671b28489d64d7bcaf04705, type: 2}
      propertyPath: m_IsActive
      value: 0
      objectReference: {fileID: 0}
    m_RemovedComponents: []
  m_ParentPrefab: {fileID: 100100000, guid: 9e59cd519671b28489d64d7bcaf04705, type: 2}
  m_IsPrefabParent: 0
--- !u!1 &1979712414
GameObject:
  m_ObjectHideFlags: 0
  m_PrefabParentObject: {fileID: 0}
  m_PrefabInternal: {fileID: 0}
  serializedVersion: 5
  m_Component:
  - component: {fileID: 1979712416}
  - component: {fileID: 1979712415}
  m_Layer: 0
  m_Name: Directional Light
  m_TagString: Untagged
  m_Icon: {fileID: 0}
  m_NavMeshLayer: 0
  m_StaticEditorFlags: 0
  m_IsActive: 1
--- !u!108 &1979712415
Light:
  m_ObjectHideFlags: 0
  m_PrefabParentObject: {fileID: 0}
  m_PrefabInternal: {fileID: 0}
  m_GameObject: {fileID: 1979712414}
  m_Enabled: 1
  serializedVersion: 7
  m_Type: 1
  m_Color: {r: 1, g: 0.95686275, b: 0.8392157, a: 1}
  m_Intensity: 0.56
  m_Range: 10
  m_SpotAngle: 30
  m_CookieSize: 10
  m_Shadows:
    m_Type: 2
    m_Resolution: -1
    m_CustomResolution: -1
    m_Strength: 1
    m_Bias: 0.05
    m_NormalBias: 0.4
    m_NearPlane: 0.2
  m_Cookie: {fileID: 0}
  m_DrawHalo: 0
  m_Flare: {fileID: 0}
  m_RenderMode: 0
  m_CullingMask:
    serializedVersion: 2
    m_Bits: 4294967295
  m_Lightmapping: 4
  m_AreaSize: {x: 1, y: 1}
  m_BounceIntensity: 1
  m_ShadowRadius: 0
  m_ShadowAngle: 0
--- !u!4 &1979712416
Transform:
  m_ObjectHideFlags: 0
  m_PrefabParentObject: {fileID: 0}
  m_PrefabInternal: {fileID: 0}
  m_GameObject: {fileID: 1979712414}
  m_LocalRotation: {x: 0.40821788, y: -0.23456968, z: 0.10938163, w: 0.8754261}
  m_LocalPosition: {x: 0, y: 14.44, z: 0}
  m_LocalScale: {x: 1, y: 1, z: 1}
  m_Children: []
  m_Father: {fileID: 0}
  m_RootOrder: 0
  m_LocalEulerAnglesHint: {x: 50, y: -30, z: 0}
--- !u!1001 &1999728557
Prefab:
  m_ObjectHideFlags: 0
  serializedVersion: 2
  m_Modification:
    m_TransformParent: {fileID: 0}
    m_Modifications:
    - target: {fileID: 4620611858876116, guid: 80e93e576601e5545bd010fe10ee465b, type: 2}
      propertyPath: m_LocalPosition.x
      value: 1.362748
      objectReference: {fileID: 0}
    - target: {fileID: 4620611858876116, guid: 80e93e576601e5545bd010fe10ee465b, type: 2}
      propertyPath: m_LocalPosition.y
      value: 0.392
      objectReference: {fileID: 0}
    - target: {fileID: 4620611858876116, guid: 80e93e576601e5545bd010fe10ee465b, type: 2}
      propertyPath: m_LocalPosition.z
      value: -1.5613494
      objectReference: {fileID: 0}
    - target: {fileID: 4620611858876116, guid: 80e93e576601e5545bd010fe10ee465b, type: 2}
      propertyPath: m_LocalRotation.x
      value: 0
      objectReference: {fileID: 0}
    - target: {fileID: 4620611858876116, guid: 80e93e576601e5545bd010fe10ee465b, type: 2}
      propertyPath: m_LocalRotation.y
      value: 0
      objectReference: {fileID: 0}
    - target: {fileID: 4620611858876116, guid: 80e93e576601e5545bd010fe10ee465b, type: 2}
      propertyPath: m_LocalRotation.z
      value: 0
      objectReference: {fileID: 0}
    - target: {fileID: 4620611858876116, guid: 80e93e576601e5545bd010fe10ee465b, type: 2}
      propertyPath: m_LocalRotation.w
      value: 1
      objectReference: {fileID: 0}
    - target: {fileID: 4620611858876116, guid: 80e93e576601e5545bd010fe10ee465b, type: 2}
      propertyPath: m_RootOrder
      value: 5
      objectReference: {fileID: 0}
    m_RemovedComponents: []
  m_ParentPrefab: {fileID: 100100000, guid: 80e93e576601e5545bd010fe10ee465b, type: 2}
  m_IsPrefabParent: 0
--- !u!1 &2085790229
GameObject:
  m_ObjectHideFlags: 0
  m_PrefabParentObject: {fileID: 0}
  m_PrefabInternal: {fileID: 0}
  serializedVersion: 5
  m_Component:
  - component: {fileID: 2085790233}
  - component: {fileID: 2085790232}
  - component: {fileID: 2085790231}
  - component: {fileID: 2085790230}
  m_Layer: 0
  m_Name: Cube (5)
  m_TagString: Untagged
  m_Icon: {fileID: 0}
  m_NavMeshLayer: 0
  m_StaticEditorFlags: 0
  m_IsActive: 1
--- !u!23 &2085790230
MeshRenderer:
  m_ObjectHideFlags: 0
  m_PrefabParentObject: {fileID: 0}
  m_PrefabInternal: {fileID: 0}
  m_GameObject: {fileID: 2085790229}
  m_Enabled: 1
  m_CastShadows: 1
  m_ReceiveShadows: 1
  m_MotionVectors: 1
  m_LightProbeUsage: 1
  m_ReflectionProbeUsage: 1
  m_Materials:
  - {fileID: 2100000, guid: 5d69df9d9d11e49d110086ba44295342, type: 2}
  m_StaticBatchInfo:
    firstSubMesh: 0
    subMeshCount: 0
  m_StaticBatchRoot: {fileID: 0}
  m_ProbeAnchor: {fileID: 0}
  m_LightProbeVolumeOverride: {fileID: 0}
  m_ScaleInLightmap: 1
  m_PreserveUVs: 1
  m_IgnoreNormalsForChartDetection: 0
  m_ImportantGI: 0
  m_SelectedEditorRenderState: 3
  m_MinimumChartSize: 4
  m_AutoUVMaxDistance: 0.5
  m_AutoUVMaxAngle: 89
  m_LightmapParameters: {fileID: 0}
  m_SortingLayerID: 0
  m_SortingOrder: 0
--- !u!65 &2085790231
BoxCollider:
  m_ObjectHideFlags: 0
  m_PrefabParentObject: {fileID: 0}
  m_PrefabInternal: {fileID: 0}
  m_GameObject: {fileID: 2085790229}
  m_Material: {fileID: 0}
  m_IsTrigger: 0
  m_Enabled: 1
  serializedVersion: 2
  m_Size: {x: 1, y: 1, z: 1}
  m_Center: {x: 0, y: 0, z: 0}
--- !u!33 &2085790232
MeshFilter:
  m_ObjectHideFlags: 0
  m_PrefabParentObject: {fileID: 0}
  m_PrefabInternal: {fileID: 0}
  m_GameObject: {fileID: 2085790229}
  m_Mesh: {fileID: 10202, guid: 0000000000000000e000000000000000, type: 0}
--- !u!4 &2085790233
Transform:
  m_ObjectHideFlags: 0
  m_PrefabParentObject: {fileID: 0}
  m_PrefabInternal: {fileID: 0}
  m_GameObject: {fileID: 2085790229}
  m_LocalRotation: {x: -0, y: -0.7071996, z: -0, w: 0.70701396}
  m_LocalPosition: {x: -11.179998, y: 1.6, z: -1.973059}
  m_LocalScale: {x: 31.215046, y: 6.607054, z: 1.000001}
  m_Children: []
  m_Father: {fileID: 0}
  m_RootOrder: 17
  m_LocalEulerAnglesHint: {x: 0, y: -90.01501, z: 0}
